<record><leader>00000cas a22000007a 4500</leader><controlfield tag="001">8766486</controlfield><controlfield tag="008">820911d18301837ctuwr ne      0   a0eng  </controlfield><datafield ind1=" " ind2=" " tag="010"><subfield code="a">sn 82014031 </subfield></datafield><datafield ind1=" " ind2=" " tag="040"><subfield code="a">DLC</subfield><subfield code="b">eng</subfield><subfield code="c">DLC</subfield><subfield code="d">YOX</subfield><subfield code="d">DLC</subfield><subfield code="d">CNW</subfield><subfield code="d">CNK</subfield><subfield code="d">CNW</subfield><subfield code="d">OCL</subfield><subfield code="d">OCLCQ</subfield><subfield code="d">KRTAS</subfield><subfield code="d">OCLCO</subfield><subfield code="d">OCLCQ</subfield><subfield code="d">OCLCF</subfield></datafield><datafield ind1="1" ind2=" " tag="029"><subfield code="a">AU@</subfield><subfield code="b">000020129781</subfield></datafield><datafield ind1=" " ind2=" " tag="042"><subfield code="a">msc</subfield></datafield><datafield ind1=" " ind2=" " tag="043"><subfield code="a">n-us-ct</subfield></datafield><datafield ind1="0" ind2="0" tag="050"><subfield code="a">Newspaper 7225-X</subfield></datafield><datafield ind1="0" ind2=" " tag="130"><subfield code="a">Stamford sentinel (Stamford, Conn. : 1830)</subfield></datafield><datafield ind1="1" ind2="0" tag="245"><subfield code="a">Stamford sentinel.</subfield></datafield><datafield ind1=" " ind2=" " tag="260"><subfield code="a">Stamford, Conn. :</subfield><subfield code="b">Published by William H. Holly for the proprietors,</subfield><subfield code="c">-1837.</subfield></datafield><datafield ind1=" " ind2=" " tag="300"><subfield code="a">v. ;</subfield><subfield code="c">68 cm.</subfield></datafield><datafield ind1=" " ind2=" " tag="310"><subfield code="a">Weekly</subfield></datafield><datafield ind1="1" ind2=" " tag="362"><subfield code="a">Began in Feb. 1830.</subfield></datafield><datafield ind1="0" ind2=" " tag="362"><subfield code="a">-v. 7, no. 48 (Mar. 13, 1837).</subfield></datafield><datafield ind1=" " ind2=" " tag="515"><subfield code="a">Issues for &lt;Mar. 8, 1831&gt;-1837 also called: Whole no. &lt;56&gt;-350.</subfield></datafield><datafield ind1=" " ind2=" " tag="515"><subfield code="a">Suspended with Aug. 17, 1835 issue; resumed with Oct. 5, 1835 issue.</subfield></datafield><datafield ind1=" " ind2=" " tag="530"><subfield code="a">Available on microfilm from UMI.</subfield></datafield><datafield ind1=" " ind2=" " tag="580"><subfield code="a">".the Editor. . has made arrangements with the Editor of the 'Chronicle and Democrat' of Norwalk, to furnish his subscribers with that paper until his health is re-established, or some permanent arrangement can be made."</subfield></datafield><datafield ind1=" " ind2=" " tag="588"><subfield code="a">Description based on: Vol. 1, no. 3 (Mar. 2, 1830).</subfield></datafield><datafield ind1=" " ind2="0" tag="651"><subfield code="a">Stamford (Conn.)</subfield><subfield code="v">Newspapers.</subfield></datafield><datafield ind1=" " ind2="7" tag="655"><subfield code="a">Newspapers.</subfield><subfield code="2">fast</subfield><subfield code="0">(OCoLC)fst01423814</subfield></datafield><datafield ind1=" " ind2="7" tag="651"><subfield code="a">Connecticut</subfield><subfield code="z">Stamford.</subfield><subfield code="2">fast</subfield><subfield code="0">(OCoLC)fst01205479</subfield></datafield><datafield ind1=" " ind2=" " tag="752"><subfield code="a">United States</subfield><subfield code="b">Connecticut</subfield><subfield code="c">Fairfield</subfield><subfield code="d">Stamford.</subfield></datafield><datafield ind1="0" ind2="0" tag="780"><subfield code="t">Stamford intelligencer</subfield><subfield code="w">(DLC)sn 93053818</subfield></datafield><datafield ind1="0" ind2="0" tag="785"><subfield code="t">Democratic sentinel (Stamford, Conn.)</subfield><subfield code="w">(DLC)sn 93053819</subfield></datafield><datafield ind1="1" ind2=" " tag="787"><subfield code="t">Chronicle and Democrat</subfield><subfield code="w">(DLC)sn 92051122</subfield><subfield code="w">(OCoLC)25145215</subfield></datafield><datafield ind1=" " ind2=" " tag="938"><subfield code="a">Kirtas Technologies, Inc.</subfield><subfield code="b">KRTS</subfield><subfield code="n">735934</subfield></datafield></record>